@misc{Allard2018,
  author = "Allard, T.",
  title = "{Down the rabbit hole. A 101 on reproducible workflows in Python}",
  year = "2018",
  note = "Available at: \url{https://doi.org/10.6084/m9.figshare.6222554.v2}",
  doi = "10.6084/m9.figshare.6222554.v2"
}
